@article{Coquand_Huet_1988, title={The calculus of constructions}, volume={76}, ISSN={08905401}, url={https://linkinghub.elsevier.com/retrieve/pii/0890540188900053}, DOI={10.1016/0890-5401(88)90005-3}, number={2–3}, journal={Information and Computation}, author={Coquand, Thierry and Huet, Gérard}, year={1988}, month={Feb}, pages={95–120}, language={en} }