@article{Coquand_Huet_1988, title={The calculus of constructions}, volume={76}, ISSN={08905401}, url={https://linkinghub.elsevier.com/retrieve/pii/0890540188900053}, DOI={10.1016/0890-5401(88)90005-3}, number={2–3}, journal={Information and Computation}, author={Coquand, Thierry and Huet, Gérard}, year={1988}, month={Feb}, pages={95–120}, language={en} }

 @article{scopes_as_types, title={Scopes as types}, volume={2}, DOI={10.1145/3276484}, number={OOPSLA}, journal={Proceedings of the ACM on Programming Languages}, author={van Antwerpen, Hendrik and Bach Poulsen, Casper and Rouvoet, Arjen and Visser, Eelco}, year={2018}, pages={1–30}} 